@article {Rou96,
Author = {Rouquier, R.},
title = {Caract\'{e}risation des caract\`{e}res et pseudo-caract\`{e}res},
Journal = {J. Algebra},
Volume = {180 (2)},
Pages = {571 -- 586},
Year = 1996},
}


@article {Kisin2003,
    AUTHOR = {Kisin, Mark},
     TITLE = {Overconvergent modular forms and the {F}ontaine-{M}azur
              conjecture},
   JOURNAL = {Invent. Math.},
  FJOURNAL = {Inventiones Mathematicae},
    VOLUME = {153},
      YEAR = {2003},
    NUMBER = {2},
     PAGES = {373--454},
      ISSN = {0020-9910},
   MRCLASS = {11F80 (11F33 14G22)},
  MRNUMBER = {1992017},
MRREVIEWER = {Thomas A. Weston},
       DOI = {10.1007/s00222-003-0293-8},
       URL = {https://doi.org/10.1007/s00222-003-0293-8},
}


@unpublished{CWE2018,
	Author = {Castella, Francesc and Wang-Erickson, Carl},
	Note = {arXiv:1807.02499v1 [math.NT]},
	Title = {Class groups and local indecomposability for non-{CM} forms},
	Year = {2018},
}


@article {Nys96,
Author = {Nyssen, L.},
Title = {Pseudo-representations},
Journal = {Math. Ann.},
Year = {1996},
Pages = {257--283},
Volume = {306},
}

@article {liu15,
Author = {Liu, Ruochuan},
Title = {Triangulation of refined families},
Year = {2015},
Journal = {Comment. Math. Helv.},
Volume = {90(4)},
Pages = {831--904},
}


@article {Berg17,
Title = {Smoothness of definite unitary eigenvarieties at critical points},
Author = {Bergdall, John},
Journal = {J. Reine Angew. Math.},
Note = {To appear},
Year = {2017},
}


@article {AG,
Author = {Ash, A. and Stevens, G.},
Title = {$p$-adic deformations of arithmetic cohomology},
Note = {Preprint},
Year = {2008},
}

@article{Fri83,
author = {Solomon Friedberg},
Title = {On the imaginary quadratic {D}oi-{N}aganuma lifting of modular forms of arbitrary level},
Year = {1983},
Journal = {Nagoya Math. J.},
Volume = {92},
Pages = {1--20},
}

@unpublished{BelCM,
Author = {Bella\"{i}che, Jo\"{e}l},
Title = {Computation of the critical $p$-adic {$L$}-functions of {CM} modular forms},
Note = {Preprint},
}

@article {E06,
Author = {Emerton, Matthew},
Title = {On the interpolation of systems of eigenvalues attached to automorphic {Hecke} eigenforms},
Journal = {Invent. Math.},
Volume = {164},
Year = {2006},
Pages = {1--84},
}

@article {RL18,
Author = {Liu, Zheng and Rosso, Giovanni},
Title = {Non-cuspidal {H}ida theory for {S}iegel forms and trivial zeros of {$p$}-adic {$L$}-functions},
Note = {Preprint},
Year = {2018},
}

@article {Liu16,
Author = {Liu, Zheng},
Title = {{$p$}-adic ${L}$-functions for ordinary families of symplectic groups},
Note = {Preprint},
Year = {2016},
}

@article {EW16,
Author = {Eischen, Ellen and Wan, Xin},
Year = {2016},
Journal = {J. Inst. Math. Jussieu},
Volume = {15},
Pages = {471--510},
Title = {{$p$}-adic {$L$}-functions of finite slope forms on unitary groups and {E}isenstein series},
}

@article {Wan15,
Author = {Wan, Xin},
Year = {2015},
Journal = {Algebra Number Theory},
Volume = {9(9)},
Pages = {1955--2054},
Title = {Families of nearly ordinary {E}isenstein series on unitary groups (with an appendix by {K}ai-{W}en {L}an)},
}


@article {EHLS16,
Author = {Eischen, Ellen and Harris, Michael and Li, Jianshu and Skinner, Christopher},
Title = {{$p$}-adic ${L}$-functions for unitary groups},
Note = {Preprint},
Year = {2016},
}

@article {Roh84,
Author = {David E.\ Rohrlich},
Title = {On {$L$}-functions of elliptic curves and cyclotomic towers},
Journal = {Invent. Math.},
FJournal = {Inventiones mathematicae},
Year = {1984},
Volume = {75}, 
Pages = {409--424},
}

@article {Hid96,
Author = {Haruzo Hida},
Year = {1996},
Journal = {M\'{e}m. Soc. Math. Fr. (N.S)},
Volume = {no. 67},
Pages = {vi+110},
Title = {On the search of genuine {$p$}-adic modular {$L$}-functions for {GL}(n)},
}


@article {K78,
Author = {Katz, Nicholas},
Title = {{$p$}-adic {$L$}-functions for {CM} fields},
Journal = {Invent. Math.},
Volume = {49},
Year = {1978},
Pages = {199--297},
}


@article {DJR18,
Author = {Dimitrov, Mladen and Januszewski, Fabian and Raghuram, A.},
Title = {${L}$-functions of {$\mathrm{GL}(2n)$}: {$p$}-adic properties and nonvanishing of twists},
Note = {Preprint},
Year = {2018},
}


@article {DR17,
	Author = { Darmon, Henri and Rotger, Victor},
	Title = {Diagonal cycles and {E}uler systems {II}: the {B}irch and {S}winnerton-{D}yer conjecture for {H}asse-{W}eil-{A}rtin {$L$}-series},
	Year = {2017},
	Journal = {J. Amer. Math. Soc.},
	Volume = {30(3)},
	Pages = {601--672},
}

@article {BDR15,
	Author = {Bertolini, Massimo and Darmon, Henri and Rotger, Victor},
	Title = {Beilinson-{F}lach elements and {E}uler systems {II}: the {B}irch and {S}winnerton-{D}yer conjecture for {H}asse-{W}eil {$L$}-series},
	Year = {2015},
	FJournal = {Journal of Algebraic Geometry},
	Journal = {J. Algebraic Geom.},
	Volume = {24},
	Pages = {569--604},
}

@article {AS86,
Author = {Ash, Avner and Stevens, Glenn},
Title = {Modular forms in characteristic $\ell$ and special values of their {$L$}-functions},
Year = {1986},
Journal = {Duke Math.},
Volume = {53, no. 3},
Pages = {849 -- 868},
}

@unpublished{AD14,
Author = {Anni, Samuele and Dokchitser, Vladimir},
Title = {$\ell$-adic Representations and their associated invariants},
Year = {2014},
Note = {Unpublished lecture notes},
}

@article {Akb06,
Author = {Akbary, Amir},
Title = {Simultaneous non-vanishing of twists},
Journal = {Proceedings of the American Mathematical Society}, 
Volume = {134(11)},
Pages = {3143-â€“3151}, 
Year = {2006},
}

@article {Asa77,
Author = {Tetsuya Asai},
Year = {1977},
Title = {On certain {D}irichlet series associated with {H}ilbert modular forms and {R}ankin's method},
Journal = {Math. Ann.},
Volume = {226},
Pages = {81 -- 94},
}

@article{Bal17,
Title = {$\mathfrak{p}$-{A}dic distributions attached to twisted tensor {$L$}-functions for $\mathrm{GL}_2$ over {CM} fields},
Author = {Baskar Balasubramanyam},
Journal = {J. Number Theory}, 
Year = {2017},
Volume = {176},
Pages = {13--36},
}

@phdthesis{Bar13,
Author = {Barrera Salazar, Daniel},
Key = {BaSa13},
Title = {Cohomologie surconvergente des vari\'{e}t\'{e}s modulaires de {H}ilbert et fonctions ${L}$ $p$-adiques},
Year = {2013},
School = {Universit\'{e} Lille},
Note = {URL: http://ori.univ-lille1.fr/notice/view/univ-lille1-ori-182045},
}

@article {Bar15,
Author = {Barrera Salazar, Daniel},
Key = {BaSa15},
Title = {Overconvergent cohomology of {H}ilbert modular varieties and {$p$}-adic {$L$}-functions},
Year = {2015},
Journal = {Ann. I. Fourier},
Note = {To appear},
}

@article {BDJ17,
Author = {Barrera Salazar, Daniel and Dimitrov, Mladen and Jorza, Andrei},
Title = {Exceptional zeros of $p$-adic ${L}$-functions for nearly finite slope {H}ilbert modular forms},
Note = {Preprint},
Year = {2017},
}


@article {BW16,
    AUTHOR = {Barrera Salazar, Daniel and Williams, Chris},
     TITLE = {{$p$}-adic {$L$}-functions for {${\rm GL}_2$}},
   JOURNAL = {Canad. J. Math.},
  FJOURNAL = {Canadian Journal of Mathematics. Journal Canadien de
              Math\'{e}matiques},
    VOLUME = {71},
      YEAR = {2019},
    NUMBER = {5},
     PAGES = {1019--1059},
      ISSN = {0008-414X},
   MRCLASS = {11F41 (11F67 11F85 11S40)},
  MRNUMBER = {4010421},
       DOI = {10.4153/cjm-2017-062-0},
       URL = {https://doi.org/10.4153/cjm-2017-062-0},
}

@article {BW17,
    AUTHOR = {Barrera Salazar, Daniel and Williams, Chris},
     TITLE = {Exceptional zeros and {$\mathcal{L}$}-invariants of {B}ianchi
              modular forms},
   JOURNAL = {Trans. Amer. Math. Soc.},
  FJOURNAL = {Transactions of the American Mathematical Society},
    VOLUME = {372},
      YEAR = {2019},
    NUMBER = {1},
     PAGES = {1--34},
      ISSN = {0002-9947},
   MRCLASS = {11F41 (11F67 11F85 11M41 11S40)},
  MRNUMBER = {3968760},
       DOI = {10.1090/tran/7436},
       URL = {https://doi.org/10.1090/tran/7436},
}

@article {BW18,
Author = {Barrera Salazar, Daniel and Williams, Chris},
Title = {Families of {B}ianchi modular symbols: critical base-change $p$-adic {$L$}-functions and $p$-adic {A}rtin formalism},
Year = {2018},
Note = {Submitted},
}
@article {Ben11,
Author = {Denis Benois},
Title = {A generalization of {G}reenberg's {$\mathcal{L}$}-invariant},
Journal = {Amer. J. Math.},
Volume = {133(6)},
Pages = {1573 -- 1632},
Year = {2011},
}


@article {BenDoc,
Author = {Denis Benois},
Title = {Infinitesimal deformations and the $\ell$-invariant}, 
Journal = {Doc. Math.},
Note = {Extra volume for Andrei A. Suslin's 60th birthday}, 
Year = {2011},
Pages = {5-31},
}

@article {Bel12,
Author = {Jo\"{e}l Bella\"{i}che},
Title = {Critical $p$-adic {$L$}-functions},
Journal = {Invent. Math.},
Volume = {189},
Year = {2012},
Pages = {1 -- 60},
}

@article {BC,
	Author = {Bella\"{i}che, Jo\"{e}l and  Chenevier, Ga\"{e}tan},
	Title = {Formes non temp\'{e}r\'{e}es pour {$U(3)$} et conjectures de {B}loch--{K}ato},
	Year = {2004},
	Journal = {Annales scientifiques de l'{\'{E}}cole Normale Sup\'{e}rieure},
	Volume = {37, no. 4},
	Pages = {611--662},
}

@article {BC09,
	Author = {Bella\"{i}che, Jo\"{e}l and Chenevier, Ga\"{e}tan},
	Title = {Families of {G}alois representations and {S}elmer groups},
	Year = {2009},
	Journal = {Soc. Math. France, Ast\'{e}risque},
	Volume = {324},
}

}


@article {BH17,
Author = {Bergdall, John and Hansen, David},
Year = {2017},
Title = {On $p$-adic {$L$}-functions for {H}ilbert modular forms},
Note = {Preprint},
}

@article {Ber15,
Author = {Tobias Berger},
Title = {On the {B}loch-{K}ato conjecture for the {A}sai {$L$}-function},
Year = {2015},
Note = {Preprint},
}


@unpublished {Ber02,
Author = {Laurent Berger},
Title = {An introduction to the theory of $p$-adic representations},
Year = {2002},
Note = {Unpublished lecture notes},
}


@article {Ber15,
Author = {Tobias Berger},
Title = {On the {B}loch-{K}ato conjecture for the {A}sai {$L$}-function},
Year = {2015},
Note = {Preprint},
}

@phdthesis {Ber17,
Author = {Felix Bergunde},
Title = {On leading terms of quaternionic {S}tickelberger elements over number fields},
Year = {2017},
School = {Universit\"{a}t Bielefeld},
}


@article{BD96,
Author = {Bertolini, Massimo and Darmon, Henri},
Title = {Heegner points on {M}umford-{T}ate curves},
Journal = {Invent. Math.},
Year ={1996},
Volume = {126(3)},
Pages = {413--456},
}


@article {BDI10,
Author = {Bertolini, Massimo and Darmon, Henri and Iovita, Adrian},
Year = {2010},
Journal = {Ast\'{e}risque},
Volume = {331},
Title = {Families of automorphic forms on definite quaternion algebras and {T}eitelbaum's conjecture},
Pages = {29--64},
}


@incollection {BK07,
Title = {{$L$}-functions and {T}amagawa numbers of motives},
Author = {Kato, Kazuya and Bloch, Spencer},
Booktitle = {The Grothendieck Festschrift},
Pages = {333--400},
Publisher = {Progress in Mathematics},
Year = {2007},
}

@article{BL94,
Title = {Spaces of operators between {F}r{\'{e}}chet spaces},
Author = {Bonet, Jos{\'{e}} and Lindstr{\"{o}}m, Mikael},
Journal = {Math. Proc. Camb. Phil. Soc.},
Year = {1994},
Volume = {115},
Pages = {133--144},
}

@article {Bom00,
Title = {Problems of the {M}illenium: {T}he {R}iemann hypothesis},
Author = {Enrico Bombieri},
Year = {2000},
Journal = {Clay Mathematics Institute},
Note = {Official problem description},
}


@article{BS74,
Author = {Borel, A. and Serre, J.P.},
Key = {BoSe74},
Title = {Corners and arithmetic groups},
Journal = {Comment. Math. Helv.},
Volume = {48},
Pages = {436 -- 491},
Year= {1974},
}

@article {BSD65,
Title = {Notes on elliptic curves},
Author = {Birch, Bryan and Swinnerton-Dyer, Peter},
Journal = {J. Reine Angew. Math.},
Volume = {218},
Year = {1965},
Pages = {79--108},
}


@article {BCDT01,
Author = {Breuil, Christophe and Conrad, Brian and Diamond, Fred and Taylor, Richard},
Title = {On the modularity of elliptic curves over {$\Q$}: wild $3$-adic exercises},
Journal = {J. Amer. Math. Soc.},
Volume = {14},
Year = {2001},
Pages = {843--939},
}

@article{Buz04,
Author = "Kevin Buzzard",
Title = "On {$p$}-adic families of modular forms",
Year = "2004", 
Journal = "Progress in Maths",
Volume = "224",
Pages ="23--44",
}

@unpublished {Buz06,
Author = "Kevin Buzzard",
Title = "A concrete approach to {$p$}-adic modular forms",
Year = "2006",
Note = "Unpublished lecture notes from a course at {H}arvard",
}

@inbook {Buz07,
Author = {Kevin Buzzard},
Title = {Eigenvarieties},
Booktitle = {$L$-functions and {G}alois representations},
Editor = {Burns, David and Buzzard, Kevin and Nekov\'{a}\v{r}, Jan},
Year = {2007},
Publisher = {Cambridge University Press},
Series = {London Math. Soc. Lecture Note Ser.},
Volume = {320},
Pages = {59--120},
}


@phdthesis {Byg98,
Author = "Jeremy Bygott",
Title = "Modular Forms and Modular Symbols over Imaginary Quadratic Fields",
Year = "1998", 
School = "University of Exeter",
}

@article {CM09,
Author = {Calegari, Frank and Mazur, Barry},
Title = {Nearly ordinary {G}alois representations over arbitrary number fields},
Journal = {J. Inst. Math. Jussieu},
Year = {2009},
Volume = {8(1)},
Pages = {99--177},
}

@article{Cas17,
Title = {On the $p$-part of the {B}irch--{S}winnerton-{D}yer formula for multiplicative primes},
Author = {Castella, Francesc},
Year= {2017},
Journal = {Camb. J. Math.},
Note = {To appear},
}

@article {CCSS17,
Title = {On the {I}wasawa main conjectures for modular forms at non-ordinary primes},
Author = {Castella, Francesc and {\c{C}}iperiani, Mirela and Skinner, Christopher and Sprung, Florian}, 
Year = {2017},
Note = {Preprint},
}


@incollection {CE12,
Title = {Completed cohomology - a survey},
Author = {Calegari, Frank and Emerton, Matt},
Booktitle = {Non-abliean fundamental groups and {I}wasawa theory},
Year = {2012},
Volume = {393},
Series = {London Math. Soc. Lecture Note Ser.},
Pages = {239 -- 257},
Publisher = {Cambridge Univ. Press},
}

@article{Col96,
Author = {Robert F. Coleman},
Title = {Classical and overconvergent modular forms},
FJournal = {Inventiones mathematicae},
Journal = {Invent. Math.},
Year = {1996},
Volume = {124 (1)},
Pages = {215 -- 241},
}


@article {ColmezFonctL,
    AUTHOR = {Colmez, P.},
     TITLE = {Fonctions {$L$} {$p$}-adiques},
      NOTE = {S{\'e}minaire Bourbaki, Vol. 1998/99},
   JOURNAL = {Ast\'erisque},
    NUMBER = {266},
      YEAR = {2000},
     PAGES = {Exp.\ No.\ 851, 3, 21--58},
}

@article {Colm10,
Author = {Pierre Colmez},
Title = {Fonctions d'une variable $p$-adique},
Journal = {Asterisque},
Volume = {330},
Pages = {13--59},
Year = {2010},
}

@article {Colm10b,
Author = {Pierre Colmez},
Title = {Repr{\'e}sentations de {GL$_2(\mathbf{Q}_p)$} et {$(\varphi, \Gamma)$}-modules},
Journal = {Asterisque},
Volume = {330},
Pages = {281--509},
Year = {2010},
}


@unpublished {ColCourse,
Author = {Pierre Colmez},
Title = {La fonction zeta $p$-adique, notes du cours de {M}2},
Note = {Unpublished notes},
}


@book{CS06,
author = {Coates, J. and Sujatha, R.},
year = {2006},
publisher = {Springer},
series = {Springer Monographs in Mathematics},
Title = {Cyclotomic fields and zeta values},
}


@phdthesis{Cre81,
       author = "John Cremona",
       title = "Modular Symbols",
       year = "1981" ,
School = "University of Oxford",
}

@book {Cre97,
Title = {Algorithms for Modular Elliptic Curves},
publisher = {Cambridge University Press},
Year = {1997},
Edition = {2nd},
}

@article {CrWh94,
    AUTHOR = {Cremona, John and Whitley, Elise},
     TITLE = {Periods of cusp forms and elliptic curves over imaginary
              quadratic fields},
   JOURNAL = {Math. Comp.},
  FJOURNAL = {Mathematics of Computation},
    VOLUME = {62},
      YEAR = {1994},
    NUMBER = {205},
     PAGES = {407--429},
}

@article {Dar01,
Author = {Henri Darmon},
Title = {Integration on $\mathcal{H}_p\times\mathcal{H}$ and arithmetic applications},
Journal = {Ann. of Math.},
Fjournal = {Annals of Mathematics},
Volume = {154},
Year = {2001},
Pages = {589--639},
}

@article {Dep16,
Author = {Holger Deppe},
Title = {$p$-adic {$L$}-functions of automorphic forms and exceptional zeros},
Journal = {Documenta Math.},
Volume = {21},
Year = {2016},
Pages = {689 -- 734},
}

@article {DP06,
Title = {The efficient calculation of {S}tark-{H}eegner points via overconvergent modular symbols},
Author = {Darmon, Henri and Pollack, Rob},
Journal = {Israel J. Math.},
Volume = {153},
Pages = {319 -- 354},
Year = {2006},
}

@inbook{DT08,
Title = {The $p$-adic upper half-plane},
Author = {Dasgupta, Samit and Teitelbaum, Jeremy},
Booktitle = {$P$-adic geometry: lectures from the 2007 {A}rizona winter school},
Publisher = {American Mathematical Society},
Series = {University Lecture Series},
Volume = {48},
Year = {2008},
}

@conference {Del72,
Author = {Pierre Deligne},
Title = {Les constantes des equations fonctionelles des functions ${L}$},
Booktitle = {Modular functions of one variable, II (Proc. Internat. Summer School, Univ. Antwerp)},
Volume = {349},
Series = {Lecture Notes in Math.},
Year = {1972},
}

@article {Del79,
Author = {Pierre Deligne},
Title = {Valeurs de Fonctions {$L$} et p\'{e}riodes dâ€™int\'{e}grales},
Journal = {Proc. Symp. Pure Math.},
Volume = {33},
Year = {1979},
Pages = {313--346},
}

@article {Dim05,
Author = {Mladen Dimitrov},
Year = {2005},
Title = {Galois representations modulo {$p$} and cohomology of {H}ilbert modular varieties},
Journal = {Annales scientifiques de l'{\'{E}}cole Normale Sup\'{e}rieure},
Pages = {505--551},
Volume = {4th series, no. 38},
}

@article {Dim13,
Author = {Mladen Dimitrov},
Title = {Automorphic Symbols, $p$-adic {$L$}-functions and ordinary cohomology of {H}ilbert modular varieties},
Journal = {Amer. J. Math},
Year = {2013},
}

@article {Dir37,
Author = {P. G. L. Dirichlet},
Year = {1837},
Journal = {Abhand. Ak. Wiss. Berlin},
Volume = {48},
Title = {Beweis des Satzes, dass jede unbegrenzte arithmetische Progression, deren erstes Glied und Differenz ganze Zahlen ohne gemeinschaftlichen Factor sind, unendlich viele Primzahlen enthÃ¤lt},
}

@book {DS05,
Author = {Fred Diamond and Jerry Shurman},
Year = {2005},
Title = {A First Course in Modular Forms},
Publisher = {Graduate Studies in Mathematics},
}

@Book {EGM98,
Author = "Elstrodt, Juergen and Grunewald, Fritz and Mennicke, Jens",
Title = "Groups Acting on Hyperbolic Space",
Year = "1998",
Publisher = "Springer",
}

@article{FF11,
Author = {Frei, Christopher and Frisch, Sophie},
Title = {Non-unique factorization of polynomials over residue class rings of the integers},
Year = {2011},
Journal = {Comm. Algebra},
Volume = {39(4)},
Pages = {1482--1490},
}

@article {Geh17,
Author = {Lennart Gehrmann},
Note = {Preprint},
Title = {A note on automorphic {L}-invariants},
Year = {2017},
}

@article {Gha99,
Author = "Eknath Ghate",
Title = "Critical Values of the Twisted Tensor {$L$}-function in the Imaginary Quadratic Case",
Journal = {Duke Math.},
Year = "1999",
Pages = {595--638},
Volume = {96},
Number = {3},
}

@incollection {Gou01,
Author = {Fernando Gouv\^{e}a},
Title = {Deformations of {G}alois representations},
Booktitle = {Arithmetic Algebraic Geometry},
Publisher = {AMS and IAS/Park City Mathematics Institute},
Year = {2001},
}

@article {Gre07,
Author = {Matthew Greenberg},
Title = {Lifting modular symbols of non-critical slope},
Journal = {Israel J. Math.},
Volume = {161},
Pages = {141--155},
Year = {2007},
}

@article{Gre76,
Author = {Greenberg, Ralph},
Journal = {Amer. J. Math.},
Title = {On the {I}wasawa invariants of totally realy number fields},
Year = {1976},
Volume = {98(1)},
Pages = {263--284},
}

@article {GS93,
Author = {Greenberg, Ralph and Stevens, Glenn},
Title = {$p$-adic {$L$}-functions and $p$-adic periods of modular forms},
Journal = {Invent. Math.},
Volume = {111},
Pages = {407 -- 447},
Year = {1993},
}

@article {GZ86,
Author = {Gross, Benedict and Zagier, Don},
Year = {1986},
Journal = {Invent. Math.},
Volume = {84},
Title = {Heegner points and derivatives of {$L$}-series},
Pages = {225--320},
}

@article {GM14,
Author = {Guitart, Xavier and Masdeu, Marc},
Title = {Overconvergent cohomology and quaternionic {D}armon points},
Journal = {J. Lond. Math. Soc.},
Volume = {90 (2)},
Pages = {495 -- 524},
Year = {2014},
}

@article {GMS15,
Author = {Guitart, Xavier and Masdeu, Marc and {\c{S}}eng\"{u}n, Mehmet Haluk},
Year = {2015},
Journal = {Proc. Lond. Math. Soc.},
Title = {Darmon points on elliptic curves over number fields of arbitrary signature},
Volume = {111(2)},
Pages = {484 -- 518},
Key = {GMS15},
}

@article{Han17,
Author = {David Hansen},
Title = {Universal eigenvarieties, trianguline {G}alois representations and $p$-adic {L}anglands functoriality},
Year = {2017},
Journal = {J. Reine. Angew. Math.},
Volume = {730},
Pages = {1--64},
}

@article{HanCS,
Author = {David Hansen},
Title = {Iwasawa theory of overconvergent modular forms, {I}: {C}ritical slope $p$-adic {$L$}-functions},
Note = {Preprint},
Year = {2016},
}

@unpublished{Han12,
Author = {David Hansen},
Title = {Universal coefficients for overconvergent cohomology and the geometry of eigenvarieties},
Year = {2012},
Note = {Unpublished; later became \emph{Universal eigenvarieties, trianguline {G}alois representations and $p$-adic {L}anglands functoriality}},
}


@article {Har87,
Author = {G{\"u}nter Harder},
Year = {1987},
Journal = {Invent. Math.},
Volume = {89},
Pages = {37--118},
Title = {Eisenstein cohomology of arithmetic groups: The case {GL}$_2$},
}

@article {Haran87,
Author = {Shai Haran},
Title = {$P$-adic {$L$}-functions for modular forms},
Year = {1987},
Journal = {Comp. Math.},
Pages = {31--46},
Volume = {62},
Number = {1},
}


@article {Hec20,
Author = {Erich Hecke},
Title = {Eine neue Art von zetafunctionen und ihre beziehungen zur verteilung der primzahlen {II}},
Year = {1920},
Journal = {Math. Z.},
Volume = {6},
Pages = {11--51},
}

@article {Hec23,
Author = {Erich Hecke},
Title = {Volezungen {\"u}ber die theorie der algebraischen zahlen},
Journal = {Akademische Verlag},
Year = {1923},
}

@article{Hid88,
Author = {Haruzo Hida},
Year = {1988},
Title = {On {$p$}-adic {H}ecke algebras for {GL$_2$} over totally real fields},
Journal = {Ann. of Math.},
Volume = {128},
Pages = {295--384},
}

@article {Hid93,
Author = {Haruzo Hida},
Year = {1993},
Title = {$p$-ordinary cohomology groups for {SL}$_2$ over number fields},
Journal = {Duke Math.},
Volume = {69},
Pages = {259--314},
}

@book {HidE,
Author = {Haruzo Hida},
Year = {1993},
Title = {Elementary theory of {$L$}-functions and {E}isenstein series},
Publisher = {Cambridge University Press},
Series = {LMS Student Texts},
Volume = {26},
}

@article{Hid86,
Author = {Haruzo Hida},
Year = {1986},
Title = {Galois representations into {$\mathrm{GL}_2(\Zp[[X]])$} attached to ordinary cusp forms},
Journal = {Invent. Math.},
Volume = {85},
Pages = {545--613},
}

@article {Hid94,
Author = {Haruzo Hida},
Year = {1994},
Journal = {Duke Math.},
Volume = {74},
Pages = {432--528},
Title = {On the critical values of {$L$}-functions of {GL}(2) and {GL}(2)$\times${GL}(2)},
}

@article{Hid09,
Author = {Haruzo Hida},
Year = {2009},
Title = {$\mathcal{L}$-invariants of {T}ate curves},
Journal = {Pure Appl. Math. Quart.},
Note = {Special issue in honour of John Tate},
Volume = {Part 1},
Pages = {1343â€“1384},
}

@article {HK,
Author = {Hubber, Annette and Kings, Guido},
Year = {2003},
Journal = {Duke Mat. J.},
Volume = {119, no. 3},
Title = {Bloch-{K}ato conjecture and main conjecture of {I}wasawa theory for {D}irichlet characters},
Pages = {393--464},
}

@book {IR82,
Author = {Ireland, Kenneth and Rosen, Michael},
Year ={1982},
Title = {A {C}lassical {I}ntroduction to {M}odern {N}umber {T}heory},
Publisher = {Springer},
Series = {Graduate Texts in Mathematics},
Volume = {84},
}

@article {Iwa52,
Author = {Kenkichi Iwasawa},
Year = {1952},
Title = {Some properties of ${L}$-groups},
Journal = {Proceedings of the International Congress of Mathematicians, Cambridge Mass., 1950},
Page = {447--450},
}


@article {JSW15,
Title = {The {B}irch and {S}winnerton-{D}yer formula for elliptic curves of analytic rank one},
Author = {Jetchev, Dimitar and Skinner, Christopher and Wan, Xin},
Year = {2015},
Note = {Preprint},
}

@article{JoNew,
Title = {Irreducible components of extended eigenvarieties and interpolating {L}anglands functoriality},
Author = {Johansson, Christan and Newton, James},
Fjournal = {Mathematical Research Letters},
Journal = {Math. Res. Lett.},
Note = {To appear},
Year = {2016},
}

@article{JoNewExt,
Title = {Extended eigenvarieties for overconvergent cohomology},
Author = {Johansson, Christian and Newton, James},
Note = {Preprint},
Year = {2016},
}

@incollection {Kat93,
Author = {Kazuya Kato},
Title = {Lectures on the approach to {I}wasawa theory for {H}asse-{W}eil {$L$}-functions via {$B_{dR}$}},
Booktitle = {Arithmetic Algebraic Geometry},
Publisher = {Springer},
Year = {1993},
}

@article {Kat04,
Author = {Kato, Kazuya},
Title = {$P$-adic {H}odge theory and values of zeta functions of modular forms},
Journal = {Ast\'{e}risque},
Volume = {295},
Year = {2004},
Pages = {117--290},
}


@article{Kim17,
Author = {Chan-Ho Kim},
Title = {Overconvergent quaternionic forms and anticyclotomic $p$-adic ${L}$-functions},
Year = {2017},
Journal = {Publ. Mat.},
FJournal = {Publicacions Matem\`{a}tiques},
Note = {To appear},
}


@article {KLZ1,
Author = {Kings, Guido and Loeffler, David and Zerbes, Sarah},
Year = {2015},
Title = {Rankin-{E}isenstein classes for modular forms},
Note = {To appear},
Journal = {Amer. J. Math.},
}

@article {KLZ17,
Author = {Kings, Guido and Loeffler, David and Zerbes, Sarah},
Year = {2017},
Title = {Rankin--{E}isenstein classes and explicit reciprocity laws},
Journal = {Cambridge J. Math.},
Volume = {5},
Number = {1}
}

@article {Kol88,
Title = {Finiteness of {$E(\Q)$} and {$\Sha(E/\Q)$} for a subclass of {W}eil curves},
Author = {Victor Kolyvagin},
Year = {1988},
Journal = {Izv. Akad. Nauk. USSR ser. Matem.},
Volume = {52},
Note = {In Russian},
}

@article {KL64,
Title = {Eine p-adische Theorie der Zetawerte. {I}. {E}infÃ¼hrung der p-adischen {D}irichletschen L-Funktionen},
Author = {Kubota, Tomio and Leopoldt, Heinrich-Wolfgang},
Year = {1964},
Fjournal = {Journal f\"{u}r die reine und angewandte Mathematik},
Journal = {J. Reine Angew. Math.},
}


@book {Lan90,
Author = {Serge Lang},
Title = {Cyclotomic fields {I} and {II}},
Year = {1990},
Series = {Graduate Texts in Mathematics},
volume = {121},
Publisher = {Springer-Verlag},
}

@article {LLZ16,
Author = {Lei, Antonio and Loeffler, David and Zerbes, Sarah},
Year = {2016},
Title = {Euler systems for {H}ilbert modular surfaces},
Note = {Preprint},
}

@article {LLZ14,
Author = {Lei, Antonio and Loeffler, David and Zerbes, Sarah},
Year = {2014},
Title = {Euler Systems for {R}ankin-{S}elberg convolutions of modular forms},
Journal = {Ann. of Math.},
Volume = {180 no. 2},
Pages = {653--771},
}

@article{LLZ13,
Author = {Lei, Antonio and Loeffler, David and Zerbes, Sarah},
Year = {2013},
Journal = {Israel J. Math.},
Volume = {198},
Pages = {261-282},
Title = {Critical slope $p$-adic {$L$}-functions of {CM} modular forms},
}


@incollection {Loe14,
Author = {David Loeffler},
Title = {{$P$}-adic integration on ray class groups and non-ordinary $p$-adic {$L$}-functions},
Year = {2014},
Booktitle = {Iwasawa 2012: {S}tate of the art and recent advances},
Publisher = {Springer},
Series = {Contributions in Mathematical and Computational Sciences},
Editor = {Bouganis, T. and Venjakob, O.},
Volume = {7},
Pages = {357 -- 378},
}

@unpublished {LoeMC,
Author = {David Loeffler},
Title = {Modular Curves},
Year = {2014},
Note = {Lecture notes, \url{http://www2.warwick.ac.uk/fac/sci/maths/people/staff/david_loeffler/teaching/modularcurves/lecture_notes.pdf}},
}

@Article{LZ16,
  Title                    = {Rankin--{E}isenstein classes in {C}oleman families},
  Author                   = {Loeffler, David and Zerbes, Sarah Livia},
  Journal                  = {Res. Math. Sci.},
  Year                     = {2016},
  Note                     = {special collection in honour of Robert F.\ Coleman},
  Number                   = {29},
  Volume                   = {3},
  Doi                      = {10.1186/s40687-016-0077-6}
}


@phdthesis{Mar72,
Title = {The behaviour of {G}alois {G}auss sums with respect to restriction of characters},
Author = {Margolick, Michael William},
Year = {1972},
School = {Cornell University},
}

@article{MSD74,
Author = {Mazur, Barry and Swinnerton-Dyer, Peter},
Year = {1974},
Title = {Arithmetic of {W}eil curves},
Journal = {Invent. Math.},
Volume = {25},
Pages = {1 -- 61},
}

@article {Maz78,
Author = {Barry Mazur},
Title = {Rational isogenies of prime degree},
Year = {1978},
Journal = {Invent. Math.},
Volume = {44},
Pages = {129--162},
}

@incollection {Maz89,
Title = {Deforming {G}alois representations},
Author = {Barry Mazur},
Booktitle = {Galois groups over ${\Q}$},
Publisher = {Springer-Verlag},
Pages = {385-437},
Year = {1989},
}

@unpublished {Maz12,
Author = {Barry Mazur},
Title = {A brief introduction to the work of {H}ida},
Year = {2012},
Note = {Notes from a exposition at a conference in honour of {H}ida's 60th birthday},
}

@article {MTT86,
author = {Mazur, Barry and Tate, John and Teitelbaum, Jeremy},
Title = {On $p$-adic analogues of the {B}irch and {S}winnerton-{D}yer conjecture},
Year = {1986},
Journal = {Invent. Math.},
Fjournal = {Inventiones Mathematicae},
Volume = {84},
Pages = {1 -- 48},
}

@article {MW84,
Author = {Mazur, Barry and Wiles, Andrew},
Year = {1984},
Journal = {Invent. Math.},
Pages= {179--330},
Volume = {76(2)},
Title = {Class fields of abelian extensions of $\mathbb{Q}$},
}


@article {Mok09,
    AUTHOR = {Mok, Chung Pang},
     TITLE = {The exceptional zero conjecture for {H}ilbert modular forms},
   JOURNAL = {Compos. Math.},
  FJOURNAL = {Compositio Mathematica},
    VOLUME = {145},
      YEAR = {2009},
    NUMBER = {1},
     PAGES = {1--55},
      ISSN = {0010-437X},
   MRCLASS = {11F41 (11F33 11F67 11G40)},
  MRNUMBER = {2480494},
MRREVIEWER = {Fabrizio Andreatta},
       DOI = {10.1112/S0010437X08003813},
       URL = {http://dx.doi.org/10.1112/S0010437X08003813},
}

@article {Mol15,
author = {Santiago Molina},
Title = {Anticyclotomic $p$-adic {$L$}-functions and the exceptional zero phenomenon},
Year = {2015},
Note = {Preprint},
}


@article {MM91,
Author = {M. Ram Murty and V. Kumar Murty},
Journal = {Ann. of Math.},
Year = {1991},
Title = {Mean values of derivatives of modular {$L$}-series},
Volume = {133},
Pages = {447--475},
}

@book {Mun67,
Year = {1967},
Title = {Elementary differential topology},
Author = {James R. Munkres},
Series = {Annals of Mathematics Studies},
Number = {54},
Publisher = {Princeton University Press},
}

@book {Nar04,
Author = {Narkiewicz, Wladyslaw},
Year = {2004},
Title = {Elementary and analytic theory of algebraic numbers},
Publisher = {Springer},
Edition = {3rd},
}

@article {Nem93,
Author = {Jacob Nemchenok},
Title = {Imprimitive Gaussian sums and theta functions over number fields},
Year = {1993},
Journal = {Trans. Amer. Math. Soc.},
Volume = {338 no.1},
Pages = {465--478},
}

@book {NSW99,
Author = {Neukirch, J\"{u}rgen and Schmidt, Alexander and Wingberg, Kay},
Title = {Cohomology of Number Fields},
Year = {1999},
Publisher ={Springer},
}

@article {Oht95,
Author = {Masami Ohta},
Title = {On the {$p$}-adic {E}ichler-{S}himura isomorphism for {$\Lambda$}-adic cusp forms},
Journal = {J. Reine Angew. Math},
Volume = {463},
Year = {1995},
Pages = {49--98},
}

@article {Oht99,
Author = {Masami Ohta},
Title = {Ordinary {$p$}-adic {\'{e}}tale cohomology groups attached to towers of elliptic modular curves},
Journal = {Comp. Math.},
Volume = {115},
Year = {1999},
Pages = {241-301},
}

@article {Ort04,
Author = {Orton, Louisa},
Title = {An elementary proof an a weak exceptional zero conjecture},
Year = {2004},
Journal = {Canad. J. Math.},
Volume = {56(2)},
Pages = {373--405},
}

@article {PR,
    AUTHOR = {Perrin-Riou, B.},
     TITLE = {Fonctions {$L$} {$p$}-adiques des repr\'esentations {$p$}-adiques},
   JOURNAL = {Ast\'erisque},
  FJOURNAL = {Ast\'erisque},
    NUMBER = {229},
      YEAR = {1995},
     PAGES = {198},
}

@misc {Pol11,
Author = {Robert Pollack},
Title = {Overconvergent Modular Symbols},
Howpublished = {Lecture Notes from the Arizona Winter School},
Year = {2011},
}

@article {PP09,
Author = {Pollack, David and Pollack, Robert},
Year = {2009},
Title = {A construction of rigid analytic cohomology classes for congruence subgroups of {$\mathrm{SL}_3(\Z)$}},
Journal = {Canad. J. Math.},
Volume = {61},
Pages  = {674--690},
}

@article {PS11,
Author = {Pollack, Robert and Stevens, Glenn},
Title = {Overconvergent modular symbols and $p$-adic {$L$}-functions},
Journal = {Annales Scientifique de l'Ecole Normale Superieure},
Year = {2011},
}

@article {PS12,
Author = {Pollack, Robert and Stevens, Glenn},
Title = {Critical slope $p$-adic {$L$}-functions},
Journal = {J. Lond. Math. Soc.},
Year = {2012},
}

@article {Roh91,
Author = {David Rohrlich},
Title = {Nonvanishing of ${L}$-functions and structure of {M}ordell-{W}eil groups},
Year = {1991},
Journal = {J. Reine Angew. Math.},
Volume = {417},
Pages = {1 -- 26},
}

@article {Ros15,
Author = {Rosso, Giovanni},
Title = {{$\mathcal{L}$}-invariants for {S}iegel-{H}ilbert forms},
Journal = {Doc. Math.},
Fjournal = {Documenta Mathematica},
Volume = {20},
Year = {2015},
Pages = {1227--1253},
}

@book {Rub00,
Author = "Karl Rubin",
Title = "Euler Systems",
Series = "Annals of Mathematics Studies",
Year = "2000",
Publisher = "Princeton University Press",
}

@book {Sch02,
Author = {Peter Schneider},
Year = {2002},
Publisher = {Springer},
Title = {Nonarchimedean Functional Analysis},
Series = {Springer Monographs in Mathematics},
}

@article {Sen11,
Author = {Mehmet Haluk Sengun},
Title = {On the integral cohomology of {B}ianchi groups},
Journal = {Experimental Mathematics},
Year = {2011},
Volume = {20, issue 4},
Pages = {487 -- 505},
}

@article{Ser62,
Author = {Serre, J.P.},
Title = {Endomorphismes compl\`{e}tement continus des espaces de {B}anach $p$-adiques},
Journal = {Publications math\'{e}matiques de l'{I.H.\'{E}.S.}},
Volume = {12},
Year = {1962},
Pages = {69--85},
}

@article {Ser70,
Author = {Serre, J.P.},
Title = {Le probleme des groupes de congruence pour ${SL}_2$},
Journal = {Ann. of {M}ath.},
Volume = {92 (3)},
Year = {1970},
Pages = {489 -- 527},
}

@book{Ser80,
Author = {Serre, J.P.},
Title = {Trees},
Publisher = {Springer-Verlag},
Year = {1980},
}

@unpublished{Sha,
Author = {Romyar Shafiri},
Note = {Lecture notes},
Title = {Notes on {I}wasawa Theory},
}

@book {Shi71,
Title = {Introduction to the arithmetic theory of automorphic functions},
Author = {Goro Shimura},
Publisher = {Princeton University Press},
Year = {1971},
}

@article {Shi77,
Title = {On the periods of modular forms},
Author = {Goro Shimura},
Journal = {Math. Ann.},
Volume = {229},
Year = {1977},
Pages = {211 -- 221},
}

@article {Shi78,
Title = {The special values of the zeta functions associated with {H}ilbert modular forms},
Year = {1978},
Author = {Goro Shimura},
Journal = {Duke Math.},
Volume = {45},
Pages = {637 -- 679},
}

@unpublished {Shu,
Author = {Jerry Shurman},
Note = {Expository article},
Title = {Hecke characters classically and idelically},
}

@book {Sil94,
Author = {Joseph H. Silverman},
Year = {1994},
Title = {Advanced Topics in the Arithmetic of Elliptic Curves},
Publisher = {Graduate Studies in Mathematics},
}

@book {Sil09,
Author = {Joseph H. Silverman},
Year = {2009},
Title = {The Arithmetic of Elliptic Curves (2nd ed.)},
Publisher = {Graduate Studies in Mathematics},
}

@book {Sim91,
Author = {Barry Simon},
Year = {1991},
Title = {Representations of finite and compact groups},
Publisher = {Graduate Studies in Mathematics},
}

@article{SU14,
Author = {Skinner, Christopher and Urban, Eric},
Title = {The {I}wasawa {M}ain {C}onjectures for {GL}$(2)$},
Journal = {Invent. Math.},
Fjournal = {Inventiones Mathematicae},
Year = {2014},
Pages = {1--277},
Volume = {195 (1)},
}

@article {Spi14,
Author = {Michael Spie{\ss}},
Title = {On special zeros of $p$-adic {$L$}-functions of {H}ilbert modular forms},
Journal = {Invent. Math.},
Year = {2014},
Volume = {196 (1)},
Pages = {69 -- 138},
}

@unpublished {Ste94,
Title = {Rigid analytic modular symbols},
Author = {Glenn Stevens},
Note = {Preprint},
Year = {1994},
}

@article {Swa71,
Author = {R. G. Swan},
Title = {Generators and relations for certain special linear groups},
Journal = {Advances in Math.},
Year = {1971},
Pages = {1--77},
Volume = {6},
}

@phdthesis {Tat50,
Author = {John Tate},
Title = {Fourier analysis in number fields and Hecke's zeta functions},
School = {Princeton},
Year = {1950},
}

@incollection {Tat79,
Title = {Number Theoretic Background},
Author = {John Tate},
Booktitle = {Automorphic forms, representations and {$L$}-functions Part 2},
Series = {Proc. Sympos. Pure Math.},
Volume = {33},
Year = {1979},
}

@article {Tay94,
Author = {Richard Taylor},
Journal = {Invent. Math.},
Year = {1994},
Title = {{$\ell$}-adic representations associated to modular forms over imaginary quadratic fields {II}},
Volume = {116},
Pages = {619--643},
}

@article {Tri06,
Author = {Mak Trifkovi\'{c}},
Title = {Stark-{H}eegner Points on elliptic curves defined over imaginary quadratic fields},
Year = {2006},
Journal = {Duke Math.},
Volume = {135, no. 3},
Pages = {415--453},
}

@article{Urb95,
Title = {Formes automorphes cuspidales pour {$GL_2$} sur un corps quadratique imaginaire. {V}aleurs sp\'{e}ciales de fonctions ${L}$ et congruences},
Author = {Eric Urban},
Year = {1995},
Journal = {Comp. Math.},
Volume = {99, vol. 3},
Pages = {283--324},
}



@article {Urb11,
Title = {Eigenvarieties for reductive groups},
Journal = {Ann. of Math.},
Author = {Eric Urban},
Year = {2011},
Volume = {174},
Pages = {1695 -- 1784},
}

@book {Washington,
Author = {Larry Washington},
Title = {Introduction to {C}yclotomic {F}ields},
Publisher = {Springer},
Series = {Graduate texts in mathematics},
Volume = {83},
Year = {1982},
}

@conference {Wei56,
Author = {AndrÃ© Weil},
Title = {On a certain type of characters of the idele-class group of an algebraic number-field},
Year = {1956},
Booktitle = {Proceedings of the international symposium on algebraic number theory},
}


@Book {Wei71,
Author = "AndrÃ© Weil",
Title = "Dirichlet Series and Automorphic Forms",
Year = "1971", 
Publisher = "Springer",
Series = {Lecture Notes in Math.},
Volume = {189},
}

@article {Wil95,
Title = {Modular elliptic curves and {F}ermat's last theorem},
Author = {Andrew Wiles},
Year = {1995},
Journal = {Ann. of Math.},
Volume = {142 (3)},
Pages = {443 -- 551},
}

@article {Wil00,
Author = {Andrew Wiles},
Title = {The {B}irch and {S}winnerton-{D}yer conjecture},
Year = {2000},
Journal = {Clay Mathematics Institute},
Note = {Millenium problems: official problem description},
}

@article {Wil17,
Author = {Chris Williams},
Title = {{$P$}-adic {$L$}-functions of {B}ianchi modular forms},
Year = {2017},
Journal = {Proc. Lond. Math. Soc.},
Volume = {114 (4)},
Pages = {614 -- 656},
}

@article {Wil18,
    AUTHOR = {Williams, Chris},
     TITLE = {Lifting non-ordinary cohomology classes for {SL$_3$}},
   JOURNAL = {Publ. Mat.},
  FJOURNAL = {Publicacions Matem\`atiques},
    VOLUME = {62},
      YEAR = {2018},
    NUMBER = {2},
     PAGES = {651--675},
      ISSN = {0214-1493},
   MRCLASS = {11F75 (11F85)},
  MRNUMBER = {3815291},
MRREVIEWER = {Lifan Guan},
       DOI = {10.5565/PUBLMAT6221810},
       URL = {https://0-doi-org.pugwash.lib.warwick.ac.uk/10.5565/PUBLMAT6221810},
}

@phdthesis {Wil16,
Author = {Chris Williams},
Title = {Overconvergent modular symbols over number fields},
School = {University of Warwick},
Year = {2016},
}

@article {MR1983040,
    AUTHOR = {Pollack, Robert},
     TITLE = {On the {$p$}-adic {$L$}-function of a modular form at a
              supersingular prime},
   JOURNAL = {Duke Math. J.},
  FJOURNAL = {Duke Mathematical Journal},
    VOLUME = {118},
      YEAR = {2003},
    NUMBER = {3},
     PAGES = {523--558},
      ISSN = {0012-7094},
   MRCLASS = {11F67 (11R23)},
  MRNUMBER = {1983040},
MRREVIEWER = {Vinayak Vatsal},
       DOI = {10.1215/S0012-7094-03-11835-9},
       URL = {https://doi.org/10.1215/S0012-7094-03-11835-9},
}

@incollection {MR1265554,
    AUTHOR = {Greenberg, Ralph},
     TITLE = {Iwasawa theory and {$p$}-adic deformations of motives},
 BOOKTITLE = {Motives ({S}eattle, {WA}, 1991)},
    SERIES = {Proc. Sympos. Pure Math.},
    VOLUME = {55},
     PAGES = {193--223},
 PUBLISHER = {Amer. Math. Soc., Providence, RI},
      YEAR = {1994},
   MRCLASS = {11F85 (11F33 11F67 11G09 11G20 11R23 19F15)},
  MRNUMBER = {1265554},
MRREVIEWER = {Alexey A. Panchishkin},
}
@article {MR3224266,
    AUTHOR = {Kim, Byoung Du},
     TITLE = {Signed-{S}elmer groups over the {$\Bbb{Z}_p^2$}-extension of
              an imaginary quadratic field},
   JOURNAL = {Canad. J. Math.},
  FJOURNAL = {Canadian Journal of Mathematics. Journal Canadien de
              Math\'{e}matiques},
    VOLUME = {66},
      YEAR = {2014},
    NUMBER = {4},
     PAGES = {826--843},
      ISSN = {0008-414X},
   MRCLASS = {11G05 (14G25)},
  MRNUMBER = {3224266},
MRREVIEWER = {Fabio Mainardi},
       DOI = {10.4153/CJM-2013-043-2},
       URL = {https://doi.org/10.4153/CJM-2013-043-2},
}

@article {MR1965358,
    AUTHOR = {Kobayashi, Shin-ichi},
     TITLE = {Iwasawa theory for elliptic curves at supersingular primes},
   JOURNAL = {Invent. Math.},
  FJOURNAL = {Inventiones Mathematicae},
    VOLUME = {152},
      YEAR = {2003},
    NUMBER = {1},
     PAGES = {1--36},
      ISSN = {0020-9910},
   MRCLASS = {11R23 (11G05)},
  MRNUMBER = {1965358},
MRREVIEWER = {Anupam Saikia},
       DOI = {10.1007/s00222-002-0265-4},
       URL = {https://doi.org/10.1007/s00222-002-0265-4},
}

@incollection {MR1846466,
    AUTHOR = {Greenberg, Ralph},
     TITLE = {Iwasawa theory---past and present},
 BOOKTITLE = {Class field theory---its centenary and prospect ({T}okyo,
              1998)},
    SERIES = {Adv. Stud. Pure Math.},
    VOLUME = {30},
     PAGES = {335--385},
 PUBLISHER = {Math. Soc. Japan, Tokyo},
      YEAR = {2001},
   MRCLASS = {11R23 (11-02)},
  MRNUMBER = {1846466},
MRREVIEWER = {Yuichiro Taguchi},
       DOI = {10.2969/aspm/03010335},
       URL = {https://doi.org/10.2969/aspm/03010335},
}

@article {MR2148798,
    AUTHOR = {Coates, J. and Sujatha, R.},
     TITLE = {Fine {S}elmer groups of elliptic curves over {$p$}-adic {L}ie
              extensions},
   JOURNAL = {Math. Ann.},
  FJOURNAL = {Mathematische Annalen},
    VOLUME = {331},
      YEAR = {2005},
    NUMBER = {4},
     PAGES = {809--839},
      ISSN = {0025-5831},
   MRCLASS = {11R23 (11G05)},
  MRNUMBER = {2148798},
MRREVIEWER = {Anupam Saikia},
       DOI = {10.1007/s00208-004-0609-z},
       URL = {https://doi.org/10.1007/s00208-004-0609-z},
}
	
	
@article{bleher2015higher,
  title={Higher {C}hern classes in {I}wasawa theory},
  author={Bleher, FM and Chinburg, T and Greenberg, R and Kakde, M and Pappas, G and Sharifi, R and Taylor, MJ},
  journal={to appear in Amer. J. Math., available at arXiv:1512.00273},
  year={2019},
}


@article {lei2018codimension,
    AUTHOR = {Lei, Antonio and Palvannan, Bharathwaj},
     TITLE = {Codimension two cycles in {I}wasawa theory and elliptic curves
              with supersingular reduction},
   JOURNAL = {Forum Math. Sigma},
  FJOURNAL = {Forum of Mathematics. Sigma},
    VOLUME = {7},
      YEAR = {2019},
     PAGES = {e25, 81 pages},
      ISSN = {2050-5094},
   MRCLASS = {11R23 (11G05 11G07 11R34 11S25)},
  MRNUMBER = {3993809},
       DOI = {10.1017/fms.2019.17},
       URL = {https://doi.org/10.1017/fms.2019.17},
}

@article{lei2019codimension,
  title={Codimension two cycles in {I}wasawa theory and tensor product of {H}ida families},
  author={Lei, Antonio and Palvannan, Bharathwaj},
  journal={arXiv preprint arXiv:1901.09301},
  year={2019}
}

@article{exteriorpowers,
  title={Exterior powers in {I}wasawa theory},
  author={Bleher, FM and Chinburg, T and Greenberg, R and Kakde, M and Sharifi, R and Taylor, MJ},
  journal={arXiv preprint arXiv:1903.08834},
}

@article{SkinnerZhang,
AUTHOR = {Skinner, Christopher and Zhang, Wei},
     TITLE = {Indivisibility of {H}eegner points in the multiplicative case},
     note = {preprint, arXiv:1407.1099},
  year = {2014}
}

@article{hida1988p,
    AUTHOR = {Hida, Haruzo},
     TITLE = {A {$p$}-adic measure attached to the zeta functions associated
              with two elliptic modular forms. {II}},
   JOURNAL = {Ann. Inst. Fourier (Grenoble)},
  FJOURNAL = {Universit\'e de Grenoble. Annales de l'Institut Fourier},
    VOLUME = {38},
      YEAR = {1988},
    NUMBER = {3},
     PAGES = {1--83},
      ISSN = {0373-0956},
     CODEN = {AIFUA7},
   MRCLASS = {11S40 (11F11 11F33 11F67 11F85)},
  MRNUMBER = {976685 (89k:11120)},
MRREVIEWER = {Neal Koblitz},
       URL = {http://www.numdam.org/item?id=AIF_1988__38_3_1_0},
}

@article{hida1985ap,
    AUTHOR = {Hida, Haruzo},
     TITLE = {A {$p$}-adic measure attached to the zeta functions associated
              with two elliptic modular forms. {I}},
   JOURNAL = {Invent. Math.},
  FJOURNAL = {Inventiones Mathematicae},
    VOLUME = {79},
      YEAR = {1985},
    NUMBER = {1},
     PAGES = {159--195},
      ISSN = {0020-9910},
     CODEN = {INVMBH},
   MRCLASS = {11S40 (11F67 11F85)},
  MRNUMBER = {774534 (86m:11097)},
MRREVIEWER = {Neal Koblitz},
       DOI = {10.1007/BF01388661},
       URL = {http://dx.doi.org/10.1007/BF01388661},
}

@article {MR3810684,
    AUTHOR = {Shekhar, Sudhanshu},
     TITLE = {Comparing the corank of fine {S}elmer group and {S}elmer group
              of elliptic curves},
   JOURNAL = {J. Ramanujan Math. Soc.},
  FJOURNAL = {Journal of the Ramanujan Mathematical Society},
    VOLUME = {33},
      YEAR = {2018},
    NUMBER = {2},
     PAGES = {205--217},
      ISSN = {0970-1249},
   MRCLASS = {11F33 (11R23 14H52)},
  MRNUMBER = {3810684},
MRREVIEWER = {Feng-Wen An},
}

@article {MR2830442,
    AUTHOR = {Ochi, Yoshihiro},
     TITLE = {A remark on the pseudo-nullity conjecture for fine {S}elmer
              groups of elliptic curves},
   JOURNAL = {Comment. Math. Univ. St. Pauli},
  FJOURNAL = {Commentarii Mathematici Universitatis Sancti Pauli},
    VOLUME = {58},
      YEAR = {2009},
    NUMBER = {1},
     PAGES = {1--7},

}

@article {MR2916368,
    AUTHOR = {Jha, Somnath},
     TITLE = {Fine {S}elmer group of {H}ida deformations over
              non-commutative {$p$}-adic {L}ie extensions},
   JOURNAL = {Asian J. Math.},
  FJOURNAL = {Asian Journal of Mathematics},
    VOLUME = {16},
      YEAR = {2012},
    NUMBER = {2},
     PAGES = {353--365},
      ISSN = {1093-6106},
   MRCLASS = {11F33 (11F80 11G05 11R23)},
  MRNUMBER = {2916368},
MRREVIEWER = {Mahesh Kakde},
       DOI = {10.4310/AJM.2012.v16.n2.a9},
       URL = {https://doi.org/10.4310/AJM.2012.v16.n2.a9},
}

@article {MR2287113,
    AUTHOR = {Bhave, Amala},
     TITLE = {Analogue of {K}ida's formula for certain strongly admissible
              extensions},
   JOURNAL = {J. Number Theory},
  FJOURNAL = {Journal of Number Theory},
    VOLUME = {122},
      YEAR = {2007},
    NUMBER = {1},
     PAGES = {100--120},
      ISSN = {0022-314X},
   MRCLASS = {11R23 (11G05)},
  MRNUMBER = {2287113},
MRREVIEWER = {Gabriel D. Villa-Salvador},
       DOI = {10.1016/j.jnt.2006.02.008},
       URL = {https://doi.org/10.1016/j.jnt.2006.02.008},
}

@article {MR2019977,
    AUTHOR = {McCallum, William G. and Sharifi, Romyar T.},
     TITLE = {A cup product in the {G}alois cohomology of number fields},
   JOURNAL = {Duke Math. J.},
  FJOURNAL = {Duke Mathematical Journal},
    VOLUME = {120},
      YEAR = {2003},
    NUMBER = {2},
     PAGES = {269--310},
      ISSN = {0012-7094},
   MRCLASS = {11R34 (11R23 11R70)},
  MRNUMBER = {2019977},
MRREVIEWER = {Th\cfac{o}ng Nguy\cftil{e}n-Quang-\Dbar \cftil{o}},
       DOI = {10.1215/S0012-7094-03-12023-2},
       URL = {https://doi.org/10.1215/S0012-7094-03-12023-2},
}

@article {MR3440445,
    AUTHOR = {Lim, Meng Fai},
     TITLE = {On the pseudo-nullity of the dual fine {S}elmer groups},
   JOURNAL = {Int. J. Number Theory},
  FJOURNAL = {International Journal of Number Theory},
    VOLUME = {11},
      YEAR = {2015},
    NUMBER = {7},
     PAGES = {2055--2063},
      ISSN = {1793-0421},
   MRCLASS = {11R23 (11F80 11R34 11S25)},
  MRNUMBER = {3440445},
MRREVIEWER = {Jeanine Van Order},
       DOI = {10.1142/S1793042115500888},
       URL = {https://doi.org/10.1142/S1793042115500888},
}

@article {wanss,
    AUTHOR = {Wan, Xin},
     TITLE = {{I}wasawa main conjecture for supersingular elliptic curves},
     note = {preprint, arXiv:1411.6352v4},
  year = {2016}
}
